2422 4170
184 221 255 294 388

281 373 311 454 5.
342 375 422 444 236.
474 371 508 434 Si
525 373 608 435 dnae
634 373 832 458 quantitates
856 375 895 436 A.
920 385 954 434 et
976 373 1009 434 B
1035 377 1156 456 talem

182 470 368 555 respectum
397 473 438 552 ad
462 477 606 534 invicem
638 476 789 545 habeant,
832 487 870 534 ut
896 470 1031 555 quaevis
1066 495 1155 556 pars

180 569 284 634 unius
313 584 438 634 certam
467 587 595 656 partem
625 573 757 634 alterius
785 568 928 646 efficiat;
962 591 1035 654 pars
1067 573 1155 634 data

181 672 305 734 dicitur
321 683 396 753 pars
413 665 663 764 correspondens
681 670 784 756 partis
803 673 905 732 datae.
924 707 927 723 t
958 671 1089 752 Quodsi
1109 671 1152 734 in

179 792 248 834 una
265 774 449 854 quantitate
464 770 571 857 prima
590 793 661 854 pars
685 795 706 832 a
723 771 765 832 ad
782 771 959 831 secundam
974 794 995 832 a
1016 771 1065 840 stt,
1107 789 1153 833 ut

181 867 290 954 prima
317 869 917 953 correspondensbadsecundamB;
961 868 1148 932 tumaffir·
1188 829 1191 954 Ι

139 967 144 978 ’
180 985 310 1032 matur:
336 983 448 1048 partes
467 993 498 1041 o,
520 993 540 1032 α
567 968 760 1053 quantitatis
787 975 912 1054 primae
942 969 1149 1050 suntparti·
1190 957 1191 974 ¹

181 1069 241 1132 hos
286 1063 609 1162 correspondentibus
653 1070 684 1142 b,
714 1069 740 1147 β
770 1067 964 1154 quantitatis
1000 1069 1148 1136 alteriue
1190 1069 1191 1130 3

178 1170 444 1250 proportionales
464 1167 595 1250 directe.
648 1171 774 1252 Quodsi
802 1186 915 1231 contra
934 1189 1006 1250 pars
1028 1167 1145 1252 prima

179 1294 201 1332 a
220 1270 257 1330 sit
275 1268 316 1330 ad
333 1267 508 1332 secundam
528 1281 578 1340 a(
592 1285 630 1330 ut
659 1269 800 1332 secunda
830 1267 1090 1356 correspondens
1111 1269 1144 1346 β

159 1369 222 1431 'ad
246 1372 385 1452 primam
419 1369 459 1442 ὂς
492 1384 565 1430 tum
593 1359 747 1438 dieiturt,
772 1383 880 1451 partes
906 1371 1030 1450 primae
1057 1367 1142 1430 sunt

178 1469 325 1554 partibus
355 1465 690 1550 correspondentibus
729 1469 860 1530 alterius
904 1461 1026 1560 irwerse
1059 1490 1141 1550 pro·

179 1565 392 1650 portionases.

217 1779 220 1787 '
278 1766 311 1848 §a
338 1777 419 1838 237.
470 1765 505 1827 st
536 1767 619 1830 tinae
644 1763 844 1852 quantitates
864 1767 1067 1839 A‚Btalem
1086 1788 1136 1827 re·

135 1885 141 1890 ·
179 1867 342 1950 sprectum
361 1867 402 1926 ad
428 1869 571 1929 invicem
591 1869 744 1939 habeant,
771 1883 810 1930 ut
829 1888 898 1929 non
913 1867 1015 1928 solum
1039 1887 1142 1951 qnae.

178 1971 230 2030 vis
246 1987 321 2050 pars
343 1962 537 2052 quantitatis
562 1966 662 2030 utrius
684 1983 817 2031 certam
834 1981 958 2050 partem
985 1964 1128 2037 alterius,

179 2055 296 2130 reruni
316 2062 417 2128 etiam
435 2086 506 2148 pars
527 2071 578 2148 (n)
590 2065 719 2132 vicibus
738 2071 842 2143 major
867 2064 980 2140 unius‘,
1008 2065 1130 2150 semper

176 2180 304 2250 partem
323 2171 374 2244 (n)
391 2162 522 2228 vicibus
541 2171 700 2243 majorem
717 2166 848 2230 alterins
867 2161 1008 2241 efficiat;
1034 2186 1128 2249 quae-

177 2262 231 2326 vis
264 2265 348 2327 duae
367 2279 474 2346 partes
499 2266 600 2331 unius
628 2268 773 2350 partibus
799 2263 1130 2348 correspondentibus

178 2366 310 2427 alterius
341 2365 461 2425 directe
486 2367 748 2446 proportionales
764 2359 857 2458 funt,
900 2364 1014 2441 idest,
1058 2366 1078 2424 fi
1106 2385 1127 2424 o

141 2505 143 2510 -
178 2479 306 2547 partem
323 2464 355 2537 b,
382 2479 415 2526 et
435 2488 456 2526 α
470 2480 594 2547 partem
612 2467 638 2544 β
655 2463 797 2540 efficiat3
825 2462 887 2528 erit
905 2487 974 2527 arn
989 2463 1163 2554 :belim

134 2627 136 2632 ,
181 2563 307 2646 Quodsi
324 2577 436 2626 autem
452 2585 524 2648 pars
540 2569 593 2642 (n)
611 2564 741 2627 vicibus
766 2570 869 2644 major
891 2562 991 2628 unius
1012 2569 1062 2643 (n)
1085 2567 1130 2624 vi·

179 2659 275 2726 cibus
294 2667 456 2724 minorem
476 2663 608 2726 alterius
623 2663 761 2738 efficiat;
792 2662 929 2748 quaevis
956 2665 1038 2725 dnae
1058 2685 1127 2746 par-

180 2771 230 2822 tes
256 2760 358 2822 unius
390 2765 535 2846 partibus
562 2765 892 2847 correspondentibus
920 2766 1051 2826 asterius
1082 2766 1129 2824 in·
1187 2773 1188 2778 ’

178 2857 269 2920 verse
300 2859 564 2941 proportionales
595 2862 680 2932 sunt,
707 2863 742 2923 id
759 2862 803 2924 est
820 2861 858 2926 in
886 2866 954 2926 hoc
977 2863 1052 2926 casu
1068 2859 1127 2926 erit

156 2951 219 3020 'at
230 2982 251 3020 o
267 2975 307 3019 ::
318 2956 344 3033 β
355 2955 402 3026 rb,
428 2957 510 3020 ratio
531 2981 599 3022 ara
616 2979 782 3024 caeterum
800 2963 865 3025 sive
879 2961 1044 3048 rationalis
1067 2965 1125 3025 sive

177 3054 374 3120 irrationalis
390 3057 437 3118 sit.
836 3062 842 3080 ⁸

177 3236 436 3351 Dentorrflratio.
488 3259 573 3322 Nam
608 3281 686 3325 cum
713 3281 881 3350 exponens
906 3257 1065 3325 numerus
1089 3264 1123 3324 sit

229 3358 273 3439 (35.
293 3365 388 3442 204.)
407 3359 533 3442 semper
552 3363 617 3436 hie,
645 3365 707 3426 sive
733 3367 768 3426 stt
786 3359 953 3426 rationalis
972 3363 1034 3422 five
1050 3359 1119 3422 irra-

227 3457 371 3531 tionalis,
406 3479 466 3544 per
499 3458 697 3526 fractionem
736 3459 872 3548 exprimi
908 3459 1025 3548 potest.
1078 3461 1124 3523 sit

914 3599 931 3639 Υ

189 3702 193 3711 ,
227 3666 304 3732 ergo
326 3646 364 3714 in
384 3655 510 3716 ratione
534 3679 615 3730 aro,
641 3672 807 3748 exponent
829 3675 870 3723 ::
891 3674 962 3731 -3
990 3653 1121 3736 eritjam

830 3767 838 3782 ·
905 3754 930 3793 n
