2406 4152
974 241 1042 308 88²

87 388 128 444 et
155 371 366 448 semiunciae,
392 368 770 452 nominenumine,
796 383 881 448 vireu
898 393 931 446 et
948 379 1045 460 vires,

85 493 279 542 mercer-et
298 489 445 547 mercen·
471 477 589 540 lloreni
602 491 648 538 -et
664 478 793 553 lloreni,
827 481 981 546 cruciferi
1013 501 1047 548 et

87 576 260 646 cruciferi,
285 576 432 658 pondera
447 588 481 638 et
494 577 653 659 prindere,
679 584 783 660 pretia
799 595 835 642 et
856 585 970 666 pretia,
998 604 1047 646 ce·

1 737 2 741 ,
86 671 242 740 Ιειίιιιιει
272 690 305 735 et
327 677 519 753 eeleritatea,
558 675 654 736 malla
677 692 712 740 et
743 681 849 751 malla,
882 679 988 764 spatia·
1015 697 1048 746 et

88 771 210 856 spatia,
246 787 394 858 tempora
423 787 456 837 et
480 789 637 856 tempora,
675 791 708 840 et
738 776 845 862 pluria
874 783 945 855 alia,
972 781 1048 846 lunt

87 875 294 958 quantitates
312 869 546 957 homogeneae.

196 1051 246 1116 Ex
260 1047 445 1130 rationibus
464 1048 661 1134 ssmplieibus
679 1047 892 1130 compositam
921 1045 991 1110 lieri
1013 1064 1047 1114 et
1103 1087 1107 1102 ι

91 1152 186 1238 polle
212 1166 245 1212 et
272 1152 401 1223 debere,
429 1151 603 1236 probatum
640 1161 716 1208 erat.
769 1149 842 1208 Hoc
878 1161 973 1230 pacto
997 1148 1045 1214 di.

29 1255 31 1259 ’
92 1252 204 1314 verl'ae
220 1269 272 1312 ras
288 1249 325 1312 in
341 1271 442 1312 unam
459 1247 624 1312 rationem
645 1247 859 1318 reducuntur,
887 1267 970 1330 quae
986 1249 1044 1312 lin·

93 1355 193 1434 gulae
211 1349 269 1410 sub
284 1352 345 1412 hac
360 1369 429 1412 non
448 1345 605 1410 videntur
622 1347 693 1410 elle.
746 1345 871 1409 Omnes
896 1346 1047 1412 scientiae

93 1448 315 1528 (doctrinae),
341 1469 423 1532 quae
452 1449 588 1533 Algebra
617 1458 769 1518 utuntur,
795 1447 856 1508 hac
879 1449 915 1508 in
941 1466 976 1508 re
1002 1461 1047 1510 te·

93 1549 229 1628 stantun.
279 1551 327 1610 Ita
348 1545 384 1610 in
417 1549 544 1610 Statim
566 1545 761 1610 affirmatur:
795 1559 918 1630 quanto
944 1552 1049 1627 major

94 1646 252 1723 celeritas,
264 1663 298 1710 et
317 1668 383 1732 quo
403 1645 534 1732 longius
559 1661 703 1730 tempus,
738 1657 828 1708 tanto
853 1648 959 1722 majus
981 1647 1047 1742 lpa-

95 1751 193 1819 tium,
221 1762 254 1812 et
271 1746 345 1809 vice
365 1745 468 1812 veria.
519 1747 608 1818 Tum
634 1763 700 1831 quo
727 1744 856 1808 denfiue
877 1759 910 1806 et
942 1751 1044 1832 magle

95 1825 342 1930 voluminolum
359 1865 478 1930 corpus
501 1843 612 1920 fuerit,
639 1849 833 1925 engranus
858 1842 930 1917 erit,
957 1861 990 1908 et
1009 1849 1045 1910 id

96 1932 322 2032 gertuaplura,
412 1991 415 1998 »

196 2121 225 2203 fi.
255 2132 334 2196 228.
392 2104 512 2185 caroli.
553 2119 584 2198 1)
635 2115 721 2180 Cum
748 2112 859 2207 itaque
886 2131 1075 2210 quantita-'

94 2235 145 2284 tes
160 2221 377 2305 homogeneas
388 2219 752 2300 duntaxatcomparare‚
780 2233 813 2283 et
830 2219 865 2285 in
873 2223 1044 2290 *rationem

95 2325 297 2404 conjungere
312 2323 426 2394 liceat3
452 2336 521 2380 non
539 2315 600 2378 erit
617 2315 749 2382 difficile
769 2315 805 2382 in
825 2323 1043 2406 applicatione

98 2419 165 2498 (vel
180 2423 284 2504 praxi)
309 2423 469 2480 rationem
490 2413 676 2500 exprimite.
727 2421 771 2482 Et
795 2442 873 2483 cum
894 2423 1039 2507 primum
1127 2491 1130 2496 ,

101 2521 183 2582 (luae
199 2518 316 2580 adsunt
332 2515 494 2590 rationee;
522 2525 593 2577 tum
611 2511 792 2614 inquiritur
808 2538 918 2584 earum
928 2545 1044 2610 aequa

102 2621 185 2692 litae,
229 2638 311 2703 quae
346 2621 381 2678 in
414 2629 517 2700 quotu
561 2613 714 2700 perfacile
746 2623 955 2684 invenienda
991 2619 1044 2686 est.

98 2720 187 2781 Haec
205 2714 390 2802 aequalitas
406 2730 516 2778 autem
534 2717 672 2778 duarum
698 2716 865 2781 rationum
891 2722 948 2784 'dat
968 2745 1041 2807 pro·

96 2812 313 2904 portionem,
331 2827 364 2877 et
389 2831 428 2877 ex
457 2816 518 2878 hac
547 2811 651 2900 potest
678 2815 840 2882 terminus
865 2821 972 2907 quivis
994 2828 1042 2886 in
1139 2893 1142 2899 .
1187 2803 1191 2810 ¹

95 2913 209 2982 veniri.

190 3095 221 3177 fi
250 3105 332 3174 229.
389 3079 564 3153 Corelli*
546 3090 757 3175 e)Quodll
782 3097 817 3156 ln
839 3099 1041 3180 problemate
1092 3078 1097 3152 '-
1132 3084 1135 3090 ¹

98 3192 258 3282 quopiam]
273 3194 383 3277 plures
417 3187 596 3252 obveniant
620 3189 774 3264 rationes,
815 3215 912 3277 quarn
938 3199 1039 3261 duae:

1 3328 12 3338 1-
99 3293 164 3352 hoc
181 3290 306 3356 iudicio
331 3293 410 3354 erit:
442 3291 584 3367 rationea
608 3292 665 3351 has
692 3289 727 3350 ln
756 3299 857 3352 unam
886 3295 1042 3380 componi

7 3465 9 3472 Ι
99 3389 181 3474 polle
202 3403 238 3451 et
258 3375 388 3464 debere,
414 3383 474 3450 ubi
497 3393 706 3473 quantitates
720 3407 796 3466 eum
820 3393 998 3475 producto
1001 3397 1066 3458 ειιΙ

67 3483 69 3488 ’
97 3484 196 3550 aliia
187 3507 222 3550 ιιι
240 3488 365 3552 ratione
382 3489 475 3551 stent.

1 3583 5 3668 l

1 3781 6 3838 ι

113 3725 116 3732 ,
163 3697 164 3702 1
194 3664 411 3746 Intarpluree
439 3660 582 3728 rationes
606 3665 709 3742 *uulua
729 3659 945 3751 ciendamque
970 3687 1043 3754 pro·
1126 3697 1127 3700 ¹

100 3759 246 3827 blematie
270 3761 353 3826 duae
379 3763 536 3826 duntaxat
561 3763 636 3825 lunt
664 3760 806 3829 rationes
835 3767 1040 3855 principales,
