2438 4166
992 194 1063 266 ru

90 339 233 409 Coreli.
285 331 391 424 igitur
416 341 451 403 in
472 331 689 408 describenda
724 335 921 425 aequatione
947 339 1061 404 condi·

146 441 303 504 tionibus
341 444 550 524 problematis
595 438 871 513 satisfaciendum,
911 462 975 504 nec
1006 464 1062 504 ex·

140 538 271 627 prellro
291 561 356 610 una
377 539 469 606 alteri
489 541 656 624 ponenda,
683 561 768 624 quac
785 543 832 600 illi
853 562 887 604 re
901 562 1061 605 veranou

143 641 196 703 est
216 639 369 723 aequalis,
405 639 518 726 [altem
541 640 598 702 lub
617 641 727 724 positis
746 637 1011 724 conditionihua
1033 671 1036 678 ·

201 761 371 848 Quaenam
407 773 519 820 autem
552 757 683 828 ¹dantur
715 759 803 838 leges
838 753 1061 850 satisfaciendi

140 856 399 923 conditionibus
429 859 625 941 problemati
655 854 800 928 adnexis,
829 868 862 918 et
889 859 1060 939 quomodo

140 959 193 1022 est
228 955 429 1019 invenienda
453 952 586 1037 quaevis
613 952 789 1038 aequatio?
847 955 890 1016 Ut
918 956 1061 1023 facilitate,

138 1053 362 1144 aequationes
379 1059 413 1115 in
431 1051 604 1139 quibusvis
623 1051 841 1137 problematis
858 1053 1055 1124 inveniendi

138 1163 344 1268 acquiratur,
368 1170 496 1237 praeter
513 1173 586 1214 acre
597 1151 772 1236 ingenium
792 1151 936 1236 longiori
955 1161 1057 1218 etiam

135 1253 302 1322 exercitio
328 1275 410 1337 opus
440 1251 494 1324 e'‚st
526 1265 624 1338 atque
650 1253 690 1312 ad
719 1253 903 1315 statuendae
930 1258 1057 1337 proble-

134 1354 242 1420 matis
261 1356 414 1441 propollti
427 1351 512 1436 ipsae
528 1357 751 1435 aequatioues,
772 1357 818 1415 eis
835 1367 868 1417 et
885 1365 935 1420 tot
953 1353 1051 1453 scien:
1095 1363 1098 1370 “

136 1456 199 1518 tiis
217 1477 307 1558 opus
320 1453 373 1526 est,
400 1473 483 1540 quae
501 1466 534 1514 et
553 1466 634 1536 quot
655 1443 694 1512 a'd
718 1450 975 1536 intelligendum
996 1440 1063 1518 no¹

86 1594 90 1603 ι
134 1577 223 1619 xum
243 1547 478 1618 conditionum
501 1549 698 1664 problemati
727 1553 928 1614 adnexarum
947 1561 1054 1638 requi·

135 1669 274 1720 runtur.
327 1655 483 1714 Ceterum
506 1648 566 1710 nifi
583 1650 658 1733 quis
676 1653 794 1714 lrabeat
810 1653 995 1716 doctrinam
1012 1655 1055 1720 de

72 1760 75 1769 ‘
114 1739 416 1840 ,proportionibus
435 1752 521 1809 bene
539 1735 738 1830 perspectam
762 1753 1051 1849 etapprebenlaru,

89 1890 93 1904 ·
134 1872 296 1936 magnam
321 1837 591 1918 difficultatem
582 1866 617 1906 m
636 1841 847 1911 inteniendis
880 1840 1052 1916 nonnullis

137 1947 395 2034 aequationibus
420 1941 581 2016 inveniet,
641 1939 647 1952 ¹
1054 1939 1058 1964 ¹

95 2153 102 2158 ,
193 2085 222 2167 9.
256 2087 334 2158 156.
387 2061 469 2168 Quo
493 2075 646 2146 inventio
682 2074 918 2166 aequatiouum
939 2162 942 2166 ,
962 2083 1051 2163 adju«

10 2195 14 2214 ¹
84 2201 204 2259 vetur,
230 2184 504 2270 noulequentee
519 2180 778 2268 propufirionea..
925 2185 930 2202 '

194 2303 319 2390 Quodsi
344 2301 515 2389 problema
537 2283 743 2388 propolitum
761 2315 862 2360 unam
892 2275 1052 2366 duntaxat

84 2405 300 2492 incognitam
345 2405 566 2490 quaerendam
617 2399 764 2462 involvat
807 2393 1048 2484 quantitatem

83 2514 173 2574 haec
202 2503 374 2602 incognita
399 2498 494 2565 liteia
525 2529 560 2587 x,
592 2515 630 2566 et
659 2497 810 2562 conditio
834 2497 1050 2582 problematis

86 2631 149 2695 per
174 2628 270 2669 unam
304 2605 524 2687 aequationem
552 2597 758 2686 exprimitur,
787 2613 820 2660 et
853 2613 926 2658 tum
958 2602 1052 2663 valor

1 2783 2 2790 ἵ
85 2715 284 2789 incognitae
293 2703 476 2764 secundum
489 2705 616 2788 regulas
631 2703 720 2764 datae
737 2701 916 2831 quaeritur,
934 2719 1050 2784 aequa
1130 2759 1131 2762 ,

85 2806 137 2872 tio
160 2823 240 2890 ergo
254 2802 434 2864 reducitur.

112 2944 114 2948 ’
193 2941 232 3005 ln
251 2933 448 3036 quibusdam
466 2924 680 3024 problematia
706 2934 815 3036 plures
838 2932 947 3002 sunt
937 2960 1049 3028 maog

89 3045 192 3112 uitae,
224 3036 349 3125 quippe
375 3053 452 3098 cum
484 3039 617 3120 plures
612 3028 812 3100 involvant
826 3038 1047 3104 conditiones

92 3141 132 3202 In
152 3141 227 3205 calu
252 3133 341 3232 hoc'
330 3133 594 3218 intelligendum
622 3139 676 3210 est,
702 3153 816 3202 utrum
843 3141 905 3224 hae
935 3134 1049 3228 condi·

92 3236 204 3302 tiones
228 3237 263 3300 in
289 3257 391 3302 unam
419 3237 532 3297 reduci
555 3251 689 3320 queant,
717 3259 759 3300 an
790 3259 870 3302 non.
923 3237 1049 3322 Quodli

1 3333 2 3402 J
93 3336 303 3402 conditiones
331 3333 525 3424 problemati
554 3334 743 3397 adnexae
732 3359 768 3398 m
804 3355 907 3399 unam
935 3329 1056 3397 reduci

93 3431 235 3520 poffint:
274 3461 339 3502 una
365 3441 522 3500 duntaxat
546 3427 716 3518 incognita
741 3433 943 3506 adsumenda,
966 3451 1052 3520 quae

96 3549 180 3596 tunc
202 3531 355 3600 omnibus
384 3533 637 3602 conditionibus
665 3535 954 3622 congruit‚'igitur
983 3553 1051 3596 una

99 3633 259 3696 duntaxat
281 3637 443 3720 aequatio.
497 3633 619 3720 Quodsi
648 3655 665 3696 e
698 3627 862 3699 contrarib
887 3631 1051 3696 conditio·

1 3761 3 3794 ι
100 3755 158 3796 nes
177 3733 270 3798 datae
294 3757 362 3798 non
379 3727 499 3821 possuit
513 3735 555 3800 ad
582 3745 685 3802 ubam
705 3735 844 3816 vreduci3
882 3745 934 3799 tot
953 3745 1053 3798 erunt

142 3829 254 3890 Chmel.
274 3831 366 3890 Matlr.
388 3834 472 3890 Tom.
494 3833 518 3890 1.
861 3907 863 3912 Ι
922 3835 952 3900 R
