2436 4160
162 165 259 292 na
301 207 306 228 ‘

268 363 297 444 d.
317 377 408 440 ⁴131.
460 360 592 429 Scimus
616 367 693 443 jam,
721 364 890 450 quomodo
926 368 1131 452 quantitates·

171 459 229 528 fibi
259 461 432 536 addantur,
465 485 482 525 a
506 463 537 528 le
565 463 711 528 invicem
736 466 980 540 subtrahantur,
1014 489 1073 550 per
1098 469 1133 530 le
1164 486 1167 490 ·

169 561 316 628 invicem
342 561 619 647 multiplicentur,
645 562 847 638 dividantur,
875 565 915 628 ad
939 564 1153 650 potentiam·

170 665 355 733 eleventur,
383 678 416 725 et
428 677 510 753 stum
527 662 649 726 iterum
669 685 708 726 ex
724 661 883 751 potentiis
911 661 1003 728 radix
1027 683 1129 730 extra·

172 765 281 826 hatur.
333 764 496 826 Dedimus
509 785 651 850 ‚quoque
669 763 777 826 eidem
789 839 792 844 Ι
804 763 981 849 quantitati
1003 767 1129 850 expres·
1204 805 1205 810 κ

170 863 295 928 llonem
321 861 492 938 diversam,
520 874 617 950 atqu'e
646 884 687 926 ex
715 885 754 928 eo
786 863 912 948 semper
934 863 1130 932 invenimus

103 996 114 1010 ·
161 963 215 1034 id,
257 964 349 1048 quod
381 965 476 1026 nobie
506 965 735 1050 quaerendum
765 964 910 1032 dabatur.
972 967 1129 1032 Attamen

8 1055 11 1062 ¹
166 1063 293 1146 semper
310 1066 364 1126 vel
391 1063 491 1129 solam
512 1069 743 1150 aequationem
777 1078 978 1148 quantorum
1005 1065 1127 1149 specta·

166 1163 299 1235 bamus,
335 1163 529 1231 veleomm
554 1165 824 1247 designationem,
851 1161 972 1226 idest:
1011 1180 1131 1228 utrum
1205 1177 1206 1200 ¹

164 1261 365 1350 quantitates
398 1260 474 1330 illae
505 1265 567 1328 lint
586 1253 765 1334 addendae,
799 1266 852 1326 rel
876 1263 1136 1337 subtrahendae,
1205 1271 1206 1292 ¹

166 1376 283 1425 utrum
298 1364 360 1424 suit
386 1361 670 1448 multiplicandae,
695 1365 749 1422 vel
773 1357 983 1434 dividendie,
1010 1378 1131 1426 utrum

167 1458 244 1524 illae
269 1460 332 1523 fint
360 1463 398 1524 ad
426 1467 607 1573 ροιειιιιιὶιιιι
633 1461 825 1530 elevandae,
857 1462 912 1522 vel
941 1474 1059 1528 utrum
1086 1485 1131 1528 ex

167 1557 235 1624 illia
253 1563 344 1624 radix
358 1559 532 1648 quaepiam
550 1563 587 1626 fit
604 1559 815 1644 extrahenda.
950 1560 952 1564 ’

259 1733 398 1797 Restant
417 1729 514 1797 nobis
544 1731 652 1796 adhuc
674 1747 796 1818 quanta
821 1723 1052 1820 (quantitates)
1079 1739 1129 1804 le·
1197 1781 1208 1800 .

165 1836 314 1910 cundum
336 1855 452 1914 eorum
469 1832 736 1920 inaequalitatem
756 1835 1000 1917 pertractanda3
1027 1844 1126 1902 ratio·

41 1959 48 2004 t
131 1959 244 2002 ruem
261 1919 379 1999 modo
379 1937 448 2012 (vel
468 1956 502 1998 re
506 1935 689 2026 l‚pectum)
724 1955 824 2020 quam
851 1937 939 1998 inter
956 1935 988 2000 le
1003 1953 1121 2006 mutuo

166 2035 333 2108 obtinent,
355 2035 558 2122 perpendere
571 2035 742 2105 debemus
786 2093 789 2099 ,

158 2200 162 2206 ’
263 2217 292 2298 §-
336 2225 414 2286 132
480 2206 703 2292 inaequalitas
748 2227 949 2295 quantorum
997 2236 1124 2290 eorum,

166 2337 249 2430 quae
273 2309 398 2408 objecta
432 2307 664 2374 Arithmetices
701 2309 786 2382 lunt,
818 2316 854 2372 in
887 2311 954 2376 solo
982 2337 1124 2379 numero
1207 2391 1209 2412 ἦ

166 2415 347 2485 unitatum,
383 2432 423 2472 ex
446 2407 566 2493 quibus
588 2423 710 2490 quanta
734 2411 815 2472 haec
838 2413 997 2487 constant,
1022 2417 1125 2478 confi
1207 2417 1209 2440 ¹

167 2518 247 2580 llere
266 2511 380 2600 potest.
431 2507 831 2592 Analystaeergoquanta
849 2528 898 2574 ut
925 2510 998 2580 talia
1024 2513 1127 2580 conii-
1207 2513 1209 2522 ‘

168 2615 310 2686 dammi,
337 2615 419 2675 haec
439 2609 523 2671 'lunt
554 2611 609 2672 vel
641 2611 801 2693 aequalia,
845 2617 899 2674 vel
925 2615 1121 2699 inaequalia.

166 2714 352 2798 inaequalia
366 2709 414 2776 illi
431 2712 482 2778 vel
506 2709 642 2795 mnjm,
669 2713 721 2772 vel
744 2713 871 2776 minora
896 2711 980 2787 sunt,
1007 2713 1042 2778 id
1060 2715 1124 2779 elit
1207 2677 1209 2758 i

143 2828 235 2876 ‘una
254 2817 417 2896 quantitas
433 2823 491 2874 aut
509 2813 597 2894 plus,
614 2824 672 2876 aut
691 2814 803 2878 minua
827 2817 994 2882 unitatum
1018 2819 1124 2880 conti
1207 2805 1209 2876 l

71 2927 77 2934 “
166 2927 236 2984 net,
262 2931 361 2996 quam
381 2913 491 2976 altera

270 3089 357 3153 Cum
383 3091 493 3172 itaque
524 3081 675 3170 inquirit,
722 3099 806 3169 quot
834 3077 1029 3154 unitatibus,
1068 3085 1154 3146 vel·

168 3205 252 3280 quot
284 3189 430 3274 partibus
463 3187 599 3248 unitatis
627 3205 699 3258 una
727 3187 891 3272 quantitas
921 3183 1036 3258 major,
1069 3185 1126 3246 vel

167 3291 342 3362 miamin,
368 3290 488 3363 altera;
513 3300 586 3348 tum
610 3286 785 3374 perpendit
816 3277 1038 3352 diflerentiam
1065 3284 1124 3348 ho·

167 3411 242 3463 rum
259 3403 474 3476 quantorum

267 3563 353 3625 Cum
371 3575 484 3628 autem
503 3563 650 3645 inquirit,
669 3558 802 3644 quaties
817 3579 884 3628 una
901 3557 1067 3645 quantitas
1085 3558 1122 3626 in

159 3667 267 3740 attera
287 3665 505 3734 contineatur,
532 3663 587 3722 vel
600 3659 692 3748 quod
711 3656 799 3738 idom
826 3660 880 3734 est,
906 3655 1034 3748 quoties
1055 3683 1123 3724 una

166 3766 270 3843 major
285 3763 322 3830 fit
336 3763 433 3828 altera
448 3757 604 3850 (quotiea‘
621 3755 741 3845 nempe
758 3759 905 3828 unitates
929 3759 1057 3860 unius,
1067 3763 1123 3824 vel
