2388 4146
183 185 258 262 480
347 223 352 260 ,l

130 325 133 332 ¹
180 339 256 407 loci,
283 351 384 418 quem
399 299 451 404 rea¹
472 323 680 394 combinatae
701 345 862 411 occupare
878 325 1021 411 poliunt.
1047 330 1142 415 quod

183 435 426 502 aProblemate
440 430 516 494 dato
534 427 710 514 dependet.
744 458 749 466 ·

280 633 311 716 5.
340 648 420 712 291.
446 628 631 692 Problemai
681 625 834 692 lnv'enire
851 649 1034 692 numerum
1047 630 1142 694 Com·

180 731 405 802 binationum,
432 749 516 816 quac
535 728 758 815 fieriypollunt
778 751 855 792 cum
886 741 928 810 94
961 731 1140 814 Alphabeti

182 835 300 898 litteris
319 845 391 893 act
412 847 444 906 9,
472 845 547 905 zet
567 844 601 906 5,
627 827 724 898 etita
742 850 839 914 porro
858 841 902 909 94
923 843 956 890 ct
978 844 1025 910 94
1045 831 1138 894 simul
1173 869 1175 876 4

182 931 390 1020 accipiendo.

184 1126 355 1229 Resolutio
372 1144 404 1192 ct
420 1127 677 1222 Demorfiratio
730 1131 967 1194 Combinatum
988 1154 1011 1193 a
1032 1133 1138 1196 secum

232 1233 304 1320 ipso
328 1233 384 1294 dat
402 1255 455 1306 aa,
481 1231 709 1294 combinatum
734 1253 813 1294 cum
828 1231 850 1292 h
868 1231 926 1292 dat
940 1232 994 1304 ab,
1029 1253 1137 1298 eume

223 1337 291 1398 ·dat
318 1355 357 1396 ac
382 1348 464 1396 ete..
495 1351 575 1415 ,ergo
604 1345 702 1395 crunt
732 1345 775 1411 94
803 1327 1072 1397 combinationes
1093 1333 1136 1396 lit·

228 1439 320 1498 'teme
336 1457 367 1496 a.
419 1431 544 1494 Eadem
565 1431 726 1494 methodo
744 1435 852 1494 littera
872 1430 962 1492 bdat
988 1447 1034 1512 94
1052 1456 1134 1498 corn·
1174 1429 1175 1436 '

144 1606 147 1610 ¹
233 1531 431 1598 binationes.
458 1536 552 1594 etita
571 1529 750 1613 operando.
768 1551 846 1594 cum
870 1529 1005 1614 reliqlaie
1031 1535 1133 1596 adver·

234 1633 330 1706 titur,
365 1631 456 1716 quod
477 1627 587 1694 littera
616 1628 786 1714 quaelibet
811 1629 920 1715 primo
943 1633 1020 1696 loco
1043 1635 1133 1718 polita

236 1747 280 1812 94
301 1729 434 1794 divertis
447 1727 571 1792 vicibes
586 1749 663 1792 cum
682 1728 818 1816 reliquis
835 1733 1020 1796 combinari
1030 1730 1132 1819 poffit;

235 1835 361 1898 dabunt
380 1851 456 1916 ergo
475 1847 591 1894 omnes
611 1842 653 1910 94
680 1831 776 1892 limul
800 1829 953 1894 binarum
978 1837 1131 1898 combina-

233 1939 341 1998 tiones
356 1929 496 1994 diversac
517 1943 659 2012 94><94
682 1930 746 2024 seul
759 1933 841 2006 576.
992 1917 1002 1930 ⁸

284 2140 318 2202 Si
338 2141 403 2215 jam
424 2131 698 2196 Combinationes
715 2107 818 2192 triuin
840 2127 1054 2214 accipiantur,
1076 2133 1134 2195 hoc
1172 2115 1174 2152 ³

235 2240 291 2315 est,
324 2237 365 2299 ad
392 2229 577 2319 quamlibet
612 2232 753 2314 priorem
787 2229 984 2314 adjungatur
1009 2255 1038 2302 a,
1080 2231 1138 2294 erit

233 2344 342 2426 prima
363 2357 437 2404 aaa,
465 2331 607 2394 secunda
628 2328 701 2400 aab,
728 2333 822 2390 tertia
851 2354 912 2392 nac
935 2346 1019 2404 ete,
1061 2353 1137 2415 crgo
1171 2343 1173 2392 l

234 2440 340 2503 [olum
361 2461 381 2498 a
400 2431 491 2498 dabit
509 2443 654 2510 94)(94
674 2427 731 2505 len
751 2433 820 2502 576
838 2451 941 2496 novas
970 2435 1069 2492 trium
1083 2431 1138 2494 lit·

233 2555 379 2602 terarum
406 2531 689 2596 combinationes:
724 2530 814 2613 quod
839 2531 880 2592 de
903 2554 924 2592 a
948 2530 1138 2594 demonstra·

234 2653 298 2710 tur,
326 2638 366 2697 dc
385 2619 540 2697 omnibu's
563 2643 606 2711 94
624 2625 755 2701 litteris,
790 2649 865 2713 crgo
886 2631 926 2694 dc
945 2629 975 2704 b,
992 2655 1018 2704 c,
1037 2633 1136 2695 dete.

233 2735 300 2800 dici
323 2733 438 2819 potest,
464 2733 631 2816 quaelibet
656 2727 749 2791 enim
783 2733 852 2802 576
877 2730 933 2792 seu
959 2732 1136 2814 (94><94)

232 2856 335 2900 novas
370 2834 635 2896 combinationes
674 2826 776 2890 trium
812 2828 998 2892 litterarum
1037 2831 1135 2906 dabit,

231 2936 324 3000 unde
352 2929 447 2994 facile
476 2931 697 2998 concluditur,
733 2929 996 2992 combinationes
1020 2951 1135 2994 omnes

234 3037 291 3100 seu
314 3051 412 3095 voces
449 3033 552 3091 trium
582 3026 766 3090 litterarum
793 3027 862 3095 fore
888 3013 1057 3111 576><94
1084 3032 1136 3096 len

232 3137 510 3218 (94)(94)><94
529 3131 595 3194 hoc
611 3127 655 3192 eli
678 3141 805 3208 954494.

169 3373 172 3379 -
265 3332 318 3398 'si
337 3324 478 3418 quatuor
495 3326 622 3396 litterae
638 3335 905 3414 conjungentem
930 3327 1016 3390 litut
1026 3305 1138 3414 pri¹us3

232 3461 253 3502 a
267 3417 431 3520 prioribus
448 3433 644 3513 adjunctum
661 3432 831 3514 dannovas
859 3441 973 3507 95694
996 3446 1140 3513 quatuor

231 3533 417 3610 litterarum
443 3531 725 3607 combinationes;
763 3532 852 3594 idem
878 3551 956 3594 cum
979 3529 1140 3598 omnibus

206 3680 208 3686 .
236 3649 281 3714 94
295 3631 412 3696 litteris
430 3631 605 3718 contingit,
632 3627 976 3713 combinationesergo
998 3647 1143 3716 quatuor
1166 3673 1167 3700 ;

168 3773 171 3780 -
231 3734 755 3812 litteruumluntr3824xan.
794 3815 796 3818 Ι

470 3853 479 3878 Ι
