2432 4168
77 201 82 212 '
136 183 246 270 ¹164

227 351 265 426 4)
292 341 436 432 denique
465 347 665 430 productum
683 361 738 409 'ex
771 343 920 413 inventis
951 355 1142 420 unitatibus

274 443 395 508 radicis
411 448 545 513 cubicae
567 447 604 510 in
621 451 712 510 hunc
731 452 936 532 completum
955 449 1140 518 divisorem

273 539 490 608 adividendo
510 551 566 611 illo
588 547 801 622 subducatur,
828 563 867 612 ut
882 548 968 614 nihil
989 571 1138 620 maneat,

274 645 322 706 Ita
338 642 513 708 invenitur
714 625 723 658 ⁵*

176 1797 283 1871 sthol.
335 1803 474 1866 Iuventa
490 1807 555 1883 iam
573 1796 665 1886 parte
683 1795 823 1864 secunda
846 1797 885 1875 b,
911 1803 964 1864 vel
986 1821 1131 1868 numero
1182 1811 1188 1815 “

224 1903 416 1980 unitatum;
444 1905 587 1990 operatio
604 1899 716 1963 evadit
735 1901 957 1975 commodior,
984 1903 1130 1980 fistatim

179 2079 181 2084 ι
222 2001 361 2090 triplum
383 2003 581 2090 productum
598 2023 638 2063 ex
655 2001 812 2086 quadrato
833 1999 932 2085 partis
949 1999 1074 2086 primae
1092 2003 1128 2066 iu

223 2099 399 2168 secundam
424 2104 635 2176 subducitur3
662 2113 736 2162 tum
766 2100 966 2164 subtrahitur
990 2102 1126 2186 triplum

222 2204 420 2290 quadratum
433 2201 540 2287 partis
566 2199 727 2262 secundae
745 2201 883 2262 ductum
909 2199 946 2262 in
965 2206 1128 2285 primam

222 2319 257 2368 ct
272 2305 409 2380 demum
424 2304 529 2385 cubus
546 2295 648 2384 partis
666 2296 837 2358 secundae.
888 2301 1000 2366 Placet
1017 2301 1128 2388 itaque

175 2419 185 2450 ³
221 2403 394 2469 nonnullis
413 2404 478 2464 hoc
495 2401 597 2462 modo
619 2417 775 2476 operare:

225 2541 260 2616 1)
287 2533 488 2599 distribuunt
504 2557 686 2602 numerum
703 2536 740 2601 in
756 2539 875 2604 clades.

159 2725 162 2733 ,
223 2682 259 2755 a)
287 2675 461 2769 Quaerunt
478 2672 623 2738 radicem
641 2669 740 2740 classis
756 2673 907 2760 primae,¹
926 2669 1128 2745 subducunt*

270 2794 335 2858 que
354 2781 423 2852 ejus
439 2778 564 2837 cubum
580 2795 598 2836 a
614 2781 719 2858 prima
735 2771 836 2840 claffe.

173 2911 176 2916 '
224 2917 261 2992 5)
286 2909 427 2973 Refiduo
453 2910 476 2970 fi
498 2907 589 2994 quod
612 2923 761 2982 maneat,
795 2890 981 2998 adjungunt
997 2913 1125 2976 cladem

230 3076 232 3086 ,
270 3009 481 3094 sequentem,
509 3003 731 3094 dividuntque
747 3013 930 3094 proximam
951 3031 1052 3074 unam
1070 3013 1125 3074 vel

272 3109 353 3171 duae
377 3105 483 3190 cyfrat
510 3103 611 3199 claffrs
630 3099 796 3195 sequentis
816 3135 873 3198 per
890 3108 1027 3194 triplum
1047 3132 1124 3197 qua⁴

272 3203 403 3297 drotum
436 3205 535 3292 partia
572 3206 698 3295 primae
728 3209 922 3290 (divisorem
943 3211 1035 3273 hunc
1060 3212 1126 3273 boc'

259 3309 372 3373 ‘modo
389 3306 571 3372 dividendo
589 3310 811 3383 subscribunt,
837 3324 877 3370 ut
898 3305 965 3371 duo
991 3312 1063 3376 loca
1082 3309 1124 3370 ad

270 3413 418 3474 dextram
449 3425 606 3472 maneant
628 3415 767 3488 vacua),
794 3423 833 3471 ut
855 3424 983 3493 partem
1010 3410 1123 3474 secun·
1195 3449 1197 3452 -

267 3495 344 3574 daria
355 3510 527 3593 detegant.

218 3651 257 3727 4)
282 3639 414 3708 Partem
437 3645 618 3722 secundam
638 3617 800 3714 detectam
815 3669 873 3734 per
891 3649 1030 3731 triplum
1047 3663 1123 3730 qua·

268 3733 514 3834 dratum'partia
525 3747 650 3835 primae
667 3749 908 3839 multiplicant,
923 3747 1121 3812 subducunt-
